@inproceedings{Bla1,
 author = {Bl\"{a}ser, Markus and Manthey, Bodo},
 title = {Two Approximation Algorithms for 3-Cycle Covers},
 booktitle = {Proceedings of the 5th International Workshop on Approximation Algorithms for Combinatorial Optimization},
 series = {APPROX '02},
 year = {2002},
 isbn = {3-540-44186-7},
 pages = {40--50},
 numpages = {11},
 url = {http://dl.acm.org/citation.cfm?id=646689.703122},
 acmid = {703122},
 publisher = {Springer-Verlag},
 address = {London, UK, UK},
}

@article{Man1,
  author    = {Bodo Manthey},
  title     = {Minimum-weight Cycle Covers and Their Approximability},
  journal   = {CoRR},
  volume    = {abs/cs/0609103},
  year      = {2006},
  url       = {http://arxiv.org/abs/cs/0609103},
  timestamp = {Mon, 05 Dec 2011 18:04:10 +0100},
  biburl    = {http://dblp.uni-trier.de/rec/bib/journals/corr/abs-cs-0609103},
  bibsource = {dblp computer science bibliography, http://dblp.org}
}

@inproceedings{Tan1,
 author = {Tang, Wenbin and Tang, Jie and Tan, Chenhao},
 title = {Expertise Matching via Constraint-Based Optimization},
 booktitle = {Proceedings of the 2010 IEEE/WIC/ACM International Conference on Web Intelligence and Intelligent Agent Technology - Volume 01},
 series = {WI-IAT '10},
 year = {2010},
 isbn = {978-0-7695-4191-4},
 pages = {34--41},
 numpages = {8},
 url = {http://dx.doi.org/10.1109/WI-IAT.2010.133},
 doi = {10.1109/WI-IAT.2010.133},
 acmid = {1914127},
 publisher = {IEEE Computer Society},
 address = {Washington, DC, USA},
 keywords = {Expertise matching, Constrained optimization, Paper-reviewer assignment},
}

@Inbook{Mar1,
author="Martins, Ruben
and Manquinho, Vasco
and Lynce, In{\^e}s",
editor="Sinz, Carsten
and Egly, Uwe",
title="Open-WBO: A Modular MaxSAT Solver,            ",
bookTitle="Theory and Applications of Satisfiability Testing -- SAT 2014: 17th International Conference, Held as Part of the Vienna Summer of Logic, VSL 2014, Vienna, Austria, July 14-17, 2014. Proceedings",
year="2014",
publisher="Springer International Publishing",
address="Cham",
pages="438--445",
isbn="978-3-319-09284-3",
doi="10.1007/978-3-319-09284-3_33",
url="http://dx.doi.org/10.1007/978-3-319-09284-3_33"
}
